<?xml version="1.0" encoding="UTF-8"?><collection><record><leader>05883ntm a2200529 a 4500</leader><controlfield tag="001">006806243</controlfield><controlfield tag="003">MiAaHDL</controlfield><controlfield tag="005">20190719000000.0</controlfield><controlfield tag="006">m        d        </controlfield><controlfield tag="007">cr bn ---auaua</controlfield><controlfield tag="008">090602q17311732xx            00| ||ara d</controlfield><datafield tag="035" ind1=" " ind2=" "><subfield code="a">(MiU)006806243</subfield></datafield><datafield tag="035" ind1=" " ind2=" "><subfield code="a">sdr-miu006806243</subfield></datafield><datafield tag="040" ind1=" " ind2=" "><subfield code="a">MiU</subfield><subfield code="c">MiU</subfield><subfield code="e">amremm</subfield></datafield><datafield tag="043" ind1=" " ind2=" "><subfield code="a">n-us-mi</subfield></datafield><datafield tag="100" ind1="1" ind2=" "><subfield code="6">880-01</subfield><subfield code="a">Ibn al-Jazarī, Muḥammad ibn Muḥammad,</subfield><subfield code="d">1350-1429.</subfield></datafield><datafield tag="245" ind1="1" ind2="3"><subfield code="6">880-03</subfield><subfield code="a">al-Nashr al-ṣaghīr,</subfield><subfield code="f">[1144, i.e. 1731 or 1732].</subfield></datafield><datafield tag="246" ind1="3" ind2=" "><subfield code="i">Title from inscription on opening leaf (p.1) at in heading at opening (p.8):</subfield><subfield code="a">هذا كتاب نشر صغير</subfield></datafield><datafield tag="260" ind1=" " ind2=" "><subfield code="c">[1731 or 1732].</subfield></datafield><datafield tag="300" ind1=" " ind2=" "><subfield code="a">247 leaves :</subfield><subfield code="b">paper ;</subfield><subfield code="c">162 x 109 (110 x 55) mm.</subfield></datafield><datafield tag="500" ind1=" " ind2=" "><subfield code="a">Shelfmark: Ann Arbor, University of Michigan, Special Collections Library, Isl. Ms. 474</subfield></datafield><datafield tag="500" ind1=" " ind2=" "><subfield code="a">Origin: As appears with authorial colophon on p.440, transcription apparently completed in 1144 [1731 or 2]. Authorial colophon indicates that composition was completed 10 Muḥarram 804 [ca. 20 August 1401] in the author's house in Bursa (Brūṣah) where Bāyazīd I had his court.</subfield></datafield><datafield tag="500" ind1=" " ind2=" "><subfield code="a">Accompanying materials: a. Inventory cataloguing slip in hand of Winifred Smeaton Thomas -- b. Acquisitions slip from Yahuda.</subfield></datafield><datafield tag="500" ind1=" " ind2=" "><subfield code="a">Former shelfmark: From inner front cover, front flyleaf (p.1) and spine label, "IL 392" (likely supplied by Yahuda, see acquisitions slip).</subfield></datafield><datafield tag="500" ind1=" " ind2=" "><subfield code="a">Binding: Pasteboards covered in shell marbled paper (mainly in dark blue and dark brown, which Jake Benson has identified as being of 19th century Spanish manufacture) with green-blue cloth over spine ; Type III binding (without flap) ; board linings in green textile ; sewn in dark pink thread, two stations, many threads broken ; worked endbands in light yellow and beige or dark pink, damaged with significant losses ; overall in somewhat poor condition with much abrasion, staining, some delamination of boards, lifting and losses of paper and cloth, detaching at spine, etc.</subfield></datafield><datafield tag="500" ind1=" " ind2=" "><subfield code="a">Support: European laid paper with 12 laid lines per cm. (horizontal), chain lines spaced 23 mm. apart (vertical), grapes (raisin) under crown watermark with "IF" below (see p.60, 70, etc.), transluscent and sturdy, very well burnished, mainly beige or light yellow in color ; some staining and tide lines, as well as minor foxing.</subfield></datafield><datafield tag="500" ind1=" " ind2=" "><subfield code="a">Decoration: Keywords, section headings, and abbreviation symbols (mainly two-teeth stroke) rubricated.</subfield></datafield><datafield tag="500" ind1=" " ind2=" "><subfield code="a">Script: Naskh ; fine, medium Turkish or 'Syrian' hand ; partially seriffed with right-sloping head-serif on most ascenders other than free-standing alif, slight effect of tilt to the left, rounded with curvilinear descenders, pointing mainly in distinct dots.</subfield></datafield><datafield tag="500" ind1=" " ind2=" "><subfield code="a">Layout: Written in 15 lines per page ; frame-ruled.</subfield></datafield><datafield tag="500" ind1=" " ind2=" "><subfield code="a">Collation: VI+I (14), 21 V(224), IV+1 (233), V (243), II (247) ; chiefly quinions ; final two leaves left blank ; catchwords present ; foliation in black ink, Hindu-Arabic numerals ; pagination in pencil, Western numerals, supplied during digitization.</subfield></datafield><datafield tag="500" ind1=" " ind2=" "><subfield code="a">Colophon: "Authorial" [mainly], reads "قال المصنف رحمه الله ونفع بعلمه وافق فراغه في يوم الاحد العشر محرم سنة اربع وثمان مائة ... لجميع المسلمين روايته عني عموما واجزت الاولادي محمد واحمد وابو الخير وغيرهم خصوصا روايته عني مع جميع ما يجوز لي وعني روايته قاله وكتبه محمد بن محمد الجزري عفا الله عنهم وذلك بمنزلي من مدينة مروصة المحروسة سنة ١١٤٤ م م م م م م م"</subfield></datafield><datafield tag="500" ind1=" " ind2=" "><subfield code="a">Explicit: "واجعله حجة لي يا رب العالمين وهذا اخر ما سهل اختصاره من نشر القرآت جعله الله خالصا لوجه ونفع به"</subfield></datafield><datafield tag="500" ind1=" " ind2=" "><subfield code="a">Incipit: "قال شيخنا العلامة ... شمس الملة والدين اسبغ الله تعالى الى يوم الدين محمد بن محمد بن محمد الجزري الشافعي رحم الله اسلافه الكرام واهداه العظام الحمد لله على التقريب والتيسير واشهد ان لا اله الا الله وحده لا شريك له ... وبعد فلما كان كتابي نشر القرآت العشرة مما عرف قدره واشتهر بين الطلبة ذكره ... التمس مني ان اقربه وايسره واقتصر على ما فيه من الخلاف فاختصرته ليقل لفظه ويسهل حفظه ..."</subfield></datafield><datafield tag="500" ind1=" " ind2=" "><subfield code="a">Title from heading preceding table of contents (p.3).</subfield></datafield><datafield tag="500" ind1=" " ind2=" "><subfield code="a">Ms. codex.</subfield></datafield><datafield tag="510" ind1="4" ind2=" "><subfield code="a">Brockelmann, C. GAL,</subfield><subfield code="c">II 202</subfield></datafield><datafield tag="520" ind1="8" ind2=" "><subfield code="a">Fine copy of the abridgment by Ibn al-Jazarī (d.1429) of his Nashr al-qirā’āt al-‘ashr [Kitāb al-Nashr fī al-qirāʼāt al-ʻashr] on the ten readings of the Qur’ān.</subfield></datafield><datafield tag="538" ind1=" " ind2=" "><subfield code="a">Mode of access: Internet.</subfield></datafield><datafield tag="541" ind1=" " ind2=" "><subfield code="a">Acquired in 1926 from the bookseller Isaac Benjamin S.E. Yahuda via purchase transacted on his behalf by Abraham Shalom Yahuda (1877-1951), his younger brother.</subfield></datafield><datafield tag="546" ind1=" " ind2=" "><subfield code="a">Arabic.</subfield></datafield><datafield tag="561" ind1=" " ind2=" "><subfield code="a">Circular seal impression at close on p.440 in name of one Fayḍī, dated 1247 [1831 or 2], "عبده فيضي ٢٤٧" ; occasional notabilia (side-heads) mainly marked مطلب.</subfield></datafield><datafield tag="600" ind1="1" ind2="0"><subfield code="a">Ibn al-Jazarī, Muḥammad ibn Muḥammad,</subfield><subfield code="d">1350-1429.</subfield><subfield code="t">Nashr fī al-qirāʼāt al-ʻashr.</subfield><subfield code="k">Abridgment.</subfield></datafield><datafield tag="630" ind1="0" ind2="0"><subfield code="a">Qurʼan</subfield><subfield code="x">Readings</subfield><subfield code="v">Early works to 1800.</subfield></datafield><datafield tag="650" ind1=" " ind2="0"><subfield code="a">Manuscripts, Arabic</subfield><subfield code="z">Michigan</subfield><subfield code="z">Ann Arbor.</subfield></datafield><datafield tag="773" ind1="0" ind2=" "><subfield code="a">Yahuda Collection.</subfield></datafield><datafield tag="880" ind1="1" ind2="2"><subfield code="6">245-03/</subfield><subfield code="a">النشر الصغير,</subfield><subfield code="f">[1144ه، 1731 أو 1732م].</subfield></datafield><datafield tag="880" ind1="1" ind2=" "><subfield code="6">100-01/</subfield><subfield code="a">جزري، محمد بن محمد.</subfield></datafield><datafield tag="CID" ind1=" " ind2=" "><subfield code="a">006806243</subfield></datafield><datafield tag="DAT" ind1="0" ind2=" "><subfield code="a">20190719102637.0</subfield><subfield code="b">20190719000000.0</subfield></datafield><datafield tag="DAT" ind1="1" ind2=" "><subfield code="a">20190719090653.0</subfield><subfield code="b">2019-07-19T16:11:33Z</subfield></datafield><datafield tag="DAT" ind1="2" ind2=" "><subfield code="a">2015-10-02T18:00:03Z</subfield></datafield><datafield tag="CAT" ind1=" " ind2=" "><subfield code="a">SDR-MIU</subfield><subfield code="d">EX LIBRIS - ALEPH</subfield><subfield code="l">prepare.pl-004-008</subfield></datafield><datafield tag="FMT" ind1=" " ind2=" "><subfield code="a">BK</subfield></datafield><datafield tag="HOL" ind1=" " ind2=" "><subfield code="0">sdr-miu006806243</subfield><subfield code="a">MiU</subfield><subfield code="b">SDR</subfield><subfield code="c">MIU</subfield><subfield code="p">mdp.39015079127802</subfield><subfield code="s">MIU</subfield><subfield code="1">006806243</subfield></datafield><datafield tag="974" ind1=" " ind2=" "><subfield code="b">MIU</subfield><subfield code="c">MIU</subfield><subfield code="d">20190719</subfield><subfield code="s">lit-dlps-dc</subfield><subfield code="u">mdp.39015079127802</subfield><subfield code="y">1732</subfield><subfield code="r">pd</subfield><subfield code="q">bib</subfield><subfield code="t">non-US bib date2 &lt; 1896</subfield></datafield></record></collection>